@ONLINE {ietf2011,
    author = "IETF",
    title  = "The WebSocket Protocol",
    month  = "dec",
    year   = "2011",
    url    = "https://tools.ietf.org/html/rfc6455"
}
@ONLINE {wikipedia2018,
    author = "Wikipedia",
    title  = "WebSocket --- Wikipedia{,} La enciclopedia libre",
    year   = "2018",
    url    = "https://es.wikipedia.org/wiki/WebSocket"
}
@ONLINE {miguelgrinberg2014,
    author = "Miguel Grinberg",
    title  = "Easy WebSockets with Flask and Gevent",
    month  = "feb",
    year   = "2014",
    url    = "https://blog.miguelgrinberg.com/post/easy-websockets-with-flask-and-gevent"
}
@ONLINE {philleggetter2011,
    author = "Phil Leggetter",
    title  = "What came before WebSockets?",
    month  = "aug",
    year   = "2011",
    url    = "https://blog.pusher.com/what-came-before-websockets/"
}
@ONLINE {dylanschiemann2007,
    author = "Dylan Schiemann",
    title  = "The forever-frame technique",
    month  = "nov",
    year   = "2007",
    url    = "http://cometdaily.com/2007/11/05/the-forever-frame-technique/"
}
@ONLINE {wikipediacontributors2018,
    author = "Wikipedia contributors",
    title  = "NPAPI --- {Wikipedia}{,} The Free Encyclopedia",
    year   = "2018",
    url    = "https://en.wikipedia.org/wiki/NPAPI#LiveConnect"
}
@ONLINE {stackoverflow,
    author = "Stack Overflow",
    title  = "WebSockets vs. Server-Sent events/EventSource",
    url    = "https://stackoverflow.com/questions/5195452/websockets-vs-server-sent-events-eventsource"
}
@ONLINE {tpbpetisocarambanalcesarbustiosmserracaldentey2016,
    author = "tpb, petisocarambanal, CesarBustios, mserracaldentey",
    title  = "WebSockets",
    month  = "dec",
    year   = "2016",
    url    = "https://developer.mozilla.org/es/docs/WebSockets-840092-dup"
}
@ONLINE {wikipediacontributors2018,
    author = "Wikipedia contributors",
    title  = "WebSocket --- {Wikipedia}{,} The Free Encyclopedia",
    year   = "2018",
    url    = "https://en.wikipedia.org/wiki/WebSocket"
}
@ONLINE {jesúsconde2015,
    author = "Jesús Conde",
    title  = "¿Qué son los WebSockets?",
    month  = "may",
    year   = "2015",
    url    = "https://www.youtube.com/watch?v=SCe5A0lQzlM"
}
@ONLINE {tanya2015,
    author = "Tanya",
    title  = "5 Benefits Of WebSockets",
    month  = "apr",
    year   = "2015",
    url    = "http://headerlabs.com/blog/5-benefits-of-websockets/"
}
@ONLINE {kaazing.com,
    author = "Kaazing.com",
    title  = "websocket.org",
    url    = "https://www.websocket.org/"
}